<collection xmlns="http://www.loc.gov/MARC21/slim"><record><leader>00835nam  2200253   450</leader><controlfield tag="001">765</controlfield><controlfield tag="003">http://montalegre.opacnet.com/OPAC/default.aspx?ContentAreaControl=ShowRegHoldings.ascx&amp;RegNo=16662</controlfield><datafield tag="010" ind1=" " ind2=" "><subfield code="a">972-8839-44-8</subfield></datafield><datafield tag="021" ind1=" " ind2=" "><subfield code="a">PT</subfield><subfield code="b">238763/06</subfield></datafield><datafield tag="100" ind1=" " ind2=" "><subfield code="a">20061013d2006----m y0pory0103 ba</subfield></datafield><datafield tag="101" ind1="0" ind2=" "><subfield code="a">por</subfield><subfield code="c">eng</subfield></datafield><datafield tag="102" ind1=" " ind2=" "><subfield code="a">PT</subfield></datafield><datafield tag="200" ind1="1" ind2=" "><subfield code="a">No tempo das fogueiras</subfield><subfield code="e">um romance da França medieval</subfield><subfield code="f">Jeanne Kalogridis</subfield><subfield code="g">tradução de Isabel C. Penteado</subfield></datafield><datafield tag="205" ind1=" " ind2=" "><subfield code="a">1ª ed</subfield></datafield><datafield tag="210" ind1=" " ind2=" "><subfield code="a">Parede</subfield><subfield code="c">Edições Saída de Emergência</subfield><subfield code="d">2006</subfield></datafield><datafield tag="215" ind1=" " ind2=" "><subfield code="a">351 p.</subfield><subfield code="d">23 cm</subfield></datafield><datafield tag="304" ind1=" " ind2=" "><subfield code="a">Tít. orig.: The burning times</subfield></datafield><datafield tag="606" ind1=" " ind2=" "><subfield code="a">Literatura americana</subfield></datafield><datafield tag="608" ind1=" " ind2=" "><subfield code="a">Romance</subfield></datafield><datafield tag="675" ind1=" " ind2=" "><subfield code="a">821</subfield></datafield><datafield tag="700" ind1=" " ind2="1"><subfield code="a">Kalogridis</subfield><subfield code="b">Jeanne</subfield><subfield code="f">1954-</subfield></datafield><datafield tag="702" ind1=" " ind2="1"><subfield code="a">Penteado</subfield><subfield code="b">Isabel C</subfield><subfield code="4">730</subfield></datafield><datafield tag="801" ind1=" " ind2="0"><subfield code="a">PT</subfield><subfield code="b">Biblioteca Municipal de Montalegre</subfield><subfield code="g">RPC</subfield></datafield><datafield tag="856" ind1=" " ind2=" "><subfield code="u">locateMedia.asp?cod=20060620164050&amp;ext=jpg</subfield><subfield code="z">CAPA</subfield></datafield><datafield tag="909" ind1="&#9;" ind2=" "><subfield code="a">1</subfield></datafield><datafield tag="966" ind1=" " ind2=" "><subfield code="a">0016750</subfield><subfield code="l">BMM</subfield><subfield code="s">SCG 821 KAL tem</subfield></datafield></record></collection>